% Encoding: UTF-8


@Book{bringhurst,
  Title                    = {The Elements of Typographic Style},
  Author                   = {Bringhurst, Robert},
  Year                     = {1992},
  Location                 = {Vancouver},
  Publisher                = {Hartley \& Marks},

  Owner                    = {mo},
  Timestamp                = {2016.09.23}
}

@Manual{installationshinweise,
  Title                    = {\TeX-Installation},
  Author                   = {Moritz Brinkmann},
  Note                     = {http://latexkurs.github.io/exercises/},
  Url                      = {http://latexkurs.github.io/exercises/00_texlive_installation.pdf},

  Owner                    = {mo},
  Timestamp                = {2016.10.18}
}

@Article{minimaltikz,
  Title                    = {A very minimal introduction to \TikZ},
  Author                   = {Crémer, Jaques},
  Note                     = {http://cremeronline.com/LaTeX/minimaltikz.pdf},
  Url                      = {http://cremeronline.com/LaTeX/minimaltikz.pdf},

  Owner                    = {mo},
  Timestamp                = {2016.11.19}
}

@Article{l2kurz,
  Title                    = {\LaTeXe-Kurzbeschreibung},
  Author                   = {Marco Daniel and Patrick Gundlach and Walter Schmidt and Jörg Knappen and Hubert Partl and Irene Hyna},
  Note                     = {texdoc l2kurz},
  Url                      = {http://mirrors.ctan.org/info/lshort/german/l2kurz.pdf},

  Owner                    = {mo},
  Timestamp                = {2016.10.18}
}

@Article{booktabs,
  Title                    = {Publication quality tables in \LaTeX},
  Author                   = {Fear, Simon},
  Note                     = {texdoc booktabs},
  Url                      = {http://mirrors.ctan.org/macros/latex/contrib/booktabs/booktabs.pdf},

  Owner                    = {mo},
  Timestamp                = {2016.09.23}
}

@Article{pgfplots,
  Title                    = {Manual for Package pgfplots},
  Author                   = {Feuersänger, Christian},
  Note                     = {texdoc pgfplots},
  Url                      = {http://mirrors.ctan.org/graphics/pgf/contrib/pgfplots/doc/pgfplots.pdf},

  Owner                    = {mo},
  Timestamp                = {2016.11.24}
}

@Book{detailtypo,
  Title                    = {Detailtypografie},
  Author                   = {Forssman, Friedrich and de Jong, Ralf},
  Year                     = {2002},
  Location                 = {Mainz},
  Publisher                = {Verlag Hermann Schmidt},

  Owner                    = {mo},
  Timestamp                = {2016.10.25}
}

@Book{graphicscompanion,
  Title                    = {The \LaTeX\ Graphics Companion},
  Author                   = {Goossens, Michael and Rahtz, Sebastian and Mittelback, Frank},
  Year                     = {2008},
  Location                 = {Upper Saddle River},
  Publisher                = {Addison-Wesley},

  Owner                    = {mo},
  Timestamp                = {2016.11.19}
}

@Article{kohm:satzspiegel,
  Title                    = {Satzspiegelkonstruktionen im Vergleich},
  Author                   = {Kohm, Markus},
  Note                     = {http://www.dante.de/tex/Dokumente/KohmSatzspiegel.pdf},
  Url                      = {http://www.dante.de/tex/Dokumente/KohmSatzspiegel.pdf},

  Owner                    = {mo},
  Timestamp                = {2016.09.23}
}

@Book{dante:koma,
  Title                    = {KOMA-Skript},
  Author                   = {Kohm, Markus and Morawski, Jens-Uwe},
  Year                     = {2012},
  Note                     = {texdoc koma-script},
  Publisher                = {Lehmanns Media},
  Url                      = {http://mirrors.ctan.org/macros/latex/contrib/koma-script/doc/scrguide.pdf},

  Owner                    = {mo},
  Timestamp                = {2016.09.23}
}

@Article{gnuplottex,
  Title                    = {The gnuplottex package},
  Author                   = {Kotthoff, Lars and Höfel, Udo},
  Note                     = {texdoc gnuplottex},
  Url                      = {http://mirrors.ctan.org/macros/latex/contrib/gnuplottex/gnuplottex.pdf},

  Owner                    = {mo},
  Timestamp                = {2016.11.17}
}

@Article{beamer,
  Title                    = {The beamer class},
  Author                   = {Miletić, Vedran and Wright, Joseph and Tantau, Till},
  Note                     = {texdoc beamer},
  Url                      = {http://mirrors.ctan.org/macros/latex/contrib/beamer/doc/beameruserguide.pdf},

  Owner                    = {mo},
  Timestamp                = {2016.11.24}
}

@Article{tikzposter,
  Title                    = {The tikzposter class},
  Author                   = {Richter, Pascal and  Botoeva, Elena and Barnard, Richard and Surmann, Dirk},
  Note                     = {texdoc tikzposter},
  Url                      = {http://mirrors.ctan.org/graphics/pgf/contrib/tikzposter/tikzposter.pdf},

  Owner                    = {mo},
  Timestamp                = {2016.11.24}
}

@Article{microtype,
  Title                    = {The \texttt{microtype} package},
  Author                   = {Schlicht, Robert},
  Note                     = {texdoc microtype},
  Subtitle                 = {Subliminal refinements towards typographical perfection},
  Url                      = {http://mirrors.ctan.org/macros/latex/contrib/microtype/microtype.pdf},

  Owner                    = {mo},
  Timestamp                = {2016.09.23}
}

@Article{amsmath,
  Title                    = {User's Guide for the \texttt{amsmath} Package},
  Author                   = {American~Mathematical~Society},
  Note                     = {texdoc amsmath},
  Url                      = {http://mirrors.ctan.org/info/math/},

  Owner                    = {mo},
  Timestamp                = {2016.09.23}
}

@Article{amsthm,
  Title                    = {amsthm – Typesetting theorems (\hologo{AmS} style)},
  Author                   = {American~Mathematical~Society},
  Note                     = {texdoc amsthm},
  Url                      = {http://mirrors.ctan.org/macros/latex/required/amscls/doc/amsthdoc.pdf},

  Owner                    = {mo},
  Timestamp                = {2016.11.18}
}

@Article{tikz,
  Title                    = {The \TikZ and PGF Packages},
  Author                   = {Tantau, Till},
  Note                     = {texdoc tikz},
  Url                      = {http://mirrors.ctan.org/graphics/pgf/base/doc/pgfmanual.pdf},

  Owner                    = {mo},
  Timestamp                = {2016.11.19}
}

@Article{mathmode,
  Title                    = {Math mode},
  Author                   = {Voß, Herbert},
  Note                     = {texdoc mathmode},
  Url                      = {http://mirrors.ctan.org/info/math/voss/mathmode/Mathmode.pdf},

  Owner                    = {mo},
  Timestamp                = {2016.09.23}
}

@Book{dante:luatex,
  Title                    = {Einführung in Lua\TeX~und Lua\LaTeX},
  Author                   = {Voß, Herbert},
  Year                     = {2013},
  Publisher                = {Lehmanns Media},

  Owner                    = {mo},
  Timestamp                = {2016.09.23}
}

@Book{dante:einfuehrung,
  Title                    = {Einführung in \LaTeX},
  Author                   = {Voß, Herbert},
  Year                     = {2012},
  Publisher                = {Lehmanns Media},

  Owner                    = {mo},
  Timestamp                = {2016.09.23}
}

@Book{dante:mathe,
  Title                    = {Mathematksatz mit \LaTeX},
  Author                   = {Voß, Herbert},
  Year                     = {2012},
  Publisher                = {Lehmanns Media},

  Owner                    = {mo},
  Timestamp                = {2016.09.23}
}

@Book{dante:praesentationen,
  Title                    = {Präsentationen mit \LaTeX},
  Author                   = {Voß, Herbert},
  Year                     = {2012},
  Publisher                = {Lehmanns Media},

  Owner                    = {mo},
  Timestamp                = {2016.09.23}
}

@Book{dante:bibliografien,
  Title                    = {Bibliografien mit \LaTeX},
  Author                   = {Voß, Herbert},
  Year                     = {2011},
  Publisher                = {Lehmanns Media},

  Owner                    = {mo},
  Timestamp                = {2016.09.23}
}

@Book{dante:pstricks,
  Title                    = {PSTricks},
  Author                   = {Voß, Herbert},
  Year                     = {2010},
  Publisher                = {Lehmanns Media},
  Subtitle                 = {Grafik mit PostScript},

  Owner                    = {mo},
  Timestamp                = {2016.09.23}
}

@Book{dante:tabellen,
  Title                    = {Tabellen mit \LaTeX},
  Author                   = {Voß, Herbert},
  Year                     = {2010},
  Publisher                = {Lehmanns Media},

  Owner                    = {mo},
  Timestamp                = {2016.09.23}
}

@Article{siunitx,
  Title                    = {\texttt{siunitx} – A comprehensive (SI) units package},
  Author                   = {Wright, Joseph},
  Note                     = {texdoc siunitx},
  Url                      = {http://mirrors.ctan.org/macros/latex/contrib/siunitx/siunitx.pdf},

  Owner                    = {mo},
  Timestamp                = {2016.11.18}
}

@Article{memoir,
  Title = {The Memoir Class},
  Author = {Peter Wilson},
  Note = {texdoc memoir},
  Url = {http://mirrors.ctan.org/macros/latex/contrib/memoir/memman.pdf}
}

@Article{classicthesis,
  Title = {A Classic Thesis Style},
  Author = {André Miede},
  Note = {texdoc classicthesis},
  Url = {http://mirrors.ctan.org/macros/latex/contrib/classicthesis/ClassicThesis.pdf}
}

@Article{biblatex,
  author    = {Philipp Lehman and Joseph Wright and Au­drey Boru­vka and Philip Kime},
  title     = {BibLaTeX – Sophisticated Bibliographies in LaTeX},
  note      = {texdoc biblatex},
  owner     = {mo},
  timestamp = {2017.01.10},
  url       = {http://mirrors.ctan.org/info/translations/biblatex/de/biblatex-de-Benutzerhandbuch.pdf},
}

@Article{babel,
  author    = {Javier Bezos and Jo­hannes L. Braams},
  title     = {babel – Multilingual support for Plain TeX or LaTeX},
  note      = {texdoc babel},
  owner     = {mo},
  timestamp = {2017.01.10},
  url       = {http://mirrors.ctan.org/macros/latex/required/babel/base/babel.pdf},
}

@Article{polyglossia,
  author    = {Arthur Reutenauer and François Charette and Elie Roux},
  title     = {polyglossia – An alternative to babel for XeLaTeX and LuaLaTeX},
  note      = {texdoc polyglossia},
  owner     = {mo},
  timestamp = {2017.01.10},
  url       = {http://mirrors.ctan.org/macros/latex/contrib/polyglossia/polyglossia.pdf},
}

@Article{bidi,
  author    = {Vafa Khalighi and Zal Mehran},
  title     = {bidi – Bidirectional typesetting in plain TeX and LaTeX, using XeTeX engine},
  note      = {texdoc bidi},
  owner     = {mo},
  timestamp = {2017.01.10},
  url       = {http://mirrors.ctan.org/macros/xetex/latex/bidi/bidi.pdf},
}

@Comment{jabref-meta: databaseType:bibtex;}
