% This file was created with JabRef 2.10.
% Encoding: UTF-8


@Book{Bringhurst2012,
  Title                    = {The elements of typographic style},
  Author                   = {Bringhurst, Robert},
  Publisher                = {Hartley \& Marks},
  Year                     = {2012},

  Address                  = {Vancouver},
  Edition                  = {4. ed. (version 4.0)},

  ISBN                     = {978-0-88179-212-6 ; 0-88179-211-X ; 0-88179-212-8 ; 978-0-88179-211-9},
  Language                 = {eng},
  Library                  = {IR [Signatur:D 35402.8]},
  Pages                    = {398 S.}
}

@Book{Eijkhout2014,
  Title                    = {TeX by topic},
  Author                   = {Eijkhout, Victor},
  Publisher                = {Dante ; Lehmanns Media},
  Year                     = {2014},

  Address                  = {Heidelberg ; Berlin},

  ISBN                     = {978-3-86541-590-5},
  Keywords                 = {(s)Computersatz / (s)TEX},
  Language                 = {eng},
  Library                  = {UB [Signatur:LN-U 10-17531]},
  Pages                    = {296 S.},
  Subtitle                 = {a TEXnician's Reference}
}

@Book{Forssman2014,
  Title                    = {Detailtypografie},
  Author                   = {Forssman, Friedrich and Jong, Ralf de},
  Publisher                = {Schmidt},
  Year                     = {2014},

  Address                  = {Mainz},
  Edition                  = {5. Aufl.},

  ISBN                     = {978-3-87439-642-4},
  Keywords                 = {(s)Typographie ; (s)Typographie},
  Language                 = {ger},
  Library                  = {UB [Signatur:2015 B 59]},
  Pages                    = {408 S.},
  Subtitle                 = {[Nachschlagewerk f{\"u}r alle Fragen zu Schrift und Satz]}
}

@Book{Knuth1984,
  Title                    = {The TeXbook},
  Author                   = {Knuth, Donald Ervin},
  Publisher                = {Addison-Wesley},
  Year                     = {1984},

  Address                  = {Reading, Mass.},

  ISBN                     = {0-201-13448-9 ; 978-0-201-13448-3},
  Keywords                 = {(s)TEX ; (s)Wissenschaftliches Manuskript / (s)Mathematik / (s)Satz <Drucktechnik> ; (s)Satz <Drucktechnik> / (s)TEX ; (s)METAFONT},
  Language                 = {eng},
  Library                  = {MA [Signatur:Knuth] ; PS [Signatur:B VIII 210 Knu] ; PY [Signatur:PY/ST 351 K74]},
  Pages                    = {IX, 483 S.},
  Subtitle                 = {a complete user's guide to computer typesetting with TeX}
}

@Book{Kohm2014,
  Title                    = {KOMA-Script},
  Author                   = {Kohm, Markus},
  Publisher                = {Lehmanns},
  Year                     = {2014},

  Address                  = {Berlin},
  Edition                  = {5., {\"u}berarb. und erw. Aufl. f{\"u}r Koma-Script 3},

  ISBN                     = {978-3-86541-613-1},
  Keywords                 = {(s)KOMA-Script 3},
  Language                 = {ger},
  Library                  = {UB [Signatur:LN-U 10-13377::(5)] ; UB [Signatur:LA-U 10-27610::(5)]},
  Pages                    = {678 S.},
  Subtitle                 = {eine Sammlung von Klassen und Paketen f{\"u}r LATEX 2e ; Anleitung zu Version 3.13}
}

@Book{Mittelbach2007,
  Title                    = {The LaTeX companion},
  Author                   = {Mittelbach, Frank and Goossens, Michel},
  Publisher                = {Addison-Wesley},
  Year                     = {2007},

  Address                  = {Boston; Munich},
  Edition                  = {2. ed., 7. print.},
  Series                   = {Addison-Wesley series on tools and techniques for computer typesetting},

  ISBN                     = {0-201-36299-6 ; 978-0-201-36299-2},
  Keywords                 = {(s)LATEX <Programm> / (s)Computersatz},
  Language                 = {eng},
  Library                  = {PU [Signatur:1972]},
  Pages                    = {XXVII, 1090 S.}
}

@Book{Voss2013,
  Title                    = {Einf{\"u}hrung in LuaTeX und LuaLaTeX},
  Author                   = {Voß, Herbert},
  Publisher                = {Lehmanns},
  Year                     = {2013},

  Address                  = {Berlin},
  Edition                  = {1. Aufl.},

  ISBN                     = {978-3-86541-530-1},
  Keywords                 = {(s)LuaTEX},
  Language                 = {ger},
  Library                  = {UB [Signatur:LN-U 10-17075]},
  Pages                    = {VI, 217 S.}
}

@Book{Voss2012,
  Title                    = {Presentations with LaTeX},
  Author                   = {Voß, Herbert},
  Publisher                = {Lehmanns Media},
  Year                     = {2012},

  Address                  = {Berlin},
  Edition                  = {1. ed.},
  Note                     = {Literaturangaben},

  ISBN                     = {978-3-86541-496-0},
  Keywords                 = {(s)LATEX <Programm> / (s)Pr{\"a}sentation},
  Language                 = {eng},
  Library                  = {UB [Signatur:LA-U 10-27904] ; UB [Signatur:LN-U 10-16660]},
  Organization             = {Dante, Deutschsprachige Anwendervereinigung TeX},
  Pages                    = {VI, 205 S.}
}

@Book{Voss2011,
  Title                    = {Bibliografien mit LaTeX},
  Author                   = {Voß, Herbert},
  Publisher                = {Lehmanns Media},
  Year                     = {2011},

  Address                  = {Berlin},
  Edition                  = {1. Aufl.},
  Series                   = {dante},

  ISBN                     = {978-3-86541-415-1},
  Keywords                 = {(s)Bibliografische Daten / (s)LATEX <Programm>},
  Language                 = {ger},
  Library                  = {UB [Signatur:LA-A 1-26811]},
  Pages                    = {VI, 231 S.}
}

@Book{Voss2010,
  Title                    = {Pr{\"a}sentationen mit LaTeX},
  Author                   = {Voß, Herbert},
  Publisher                = {Lehmanns Media},
  Year                     = {2010},

  Address                  = {Berlin},
  Edition                  = {1. Aufl., Nachdr.},
  Series                   = {Dante},

  ISBN                     = {978-3-86541-353-6},
  Keywords                 = {(s)LATEX <Programm> / (s)Pr{\"a}sentation},
  Language                 = {ger},
  Library                  = {UB [Signatur:LA-U 10-26827] ; MA [Signatur:Voss InfHB] ; PS [Signatur:B VIII 798 Vos]},
  Pages                    = {VI, 212 S.}
}

@Book{Voss2010a,
  Title                    = {PSTricks},
  Author                   = {Voß, Herbert},
  Publisher                = {Lehmanns Media ; dante},
  Year                     = {2010},

  Address                  = {Berlin ; Heidelberg},
  Edition                  = {6., {\"u}berarb. und erw. Aufl.},
  Note                     = {Literaturangaben},

  ISBN                     = {978-3-86541-403-8},
  Keywords                 = {(s)PSTricks ; (s)TEX / (s)PostScript / (s)Graphik},
  Language                 = {ger},
  Library                  = {UB [Signatur:LA-U 10-22399::(6)] ; UB [Signatur:LN-U 10-12966::(6)]},
  Organization             = {Dante, Deutschsprachige Anwendervereinigung TeX},
  Pages                    = {XI, 993 S.},
  Subtitle                 = {[Grafik mit PostScript f{\"u}r TEX und LATEX]}
}

@Book{Willberg2010,
  Title                    = {Lesetypografie},
  Author                   = {Willberg, Hans Peter and Forssman, Friedrich},
  Publisher                = {Schmidt},
  Year                     = {2010},

  Address                  = {Mainz},
  Edition                  = {5. Aufl.},

  ISBN                     = {978-3-87439-800-8},
  Keywords                 = {(s)Typografie},
  Language                 = {ger},
  Library                  = {UB [Signatur:2015 D 968]},
  Pages                    = {340 S.}
}

@Book{Dinter2010,
  Title                    = {Vom Logos zum Mythos},
  Editor                   = {Dinter, Astrid [Hrsg.]},
  Publisher                = {Lit},
  Year                     = {2010},

  Address                  = {M{\"u}nster ; Berlin},
  Note                     = {Literaturangaben},
  Series                   = {{\"O}kumenische Religionsp{\"a}dagogik ; 2},

  ISBN                     = {978-3-8258-1587-5},
  Keywords                 = {(p)Tolkien, J. R. R. / (t)The lord of the rings / (p)Rowling, Joanne K. / (t)Harry Potter / (s)Religion <Motiv> / (s)Religionsunterricht / (f)Aufsatzsammlung},
  Language                 = {ger},
  Library                  = {WT [Signatur:PT Re ac 1]},
  Pages                    = {323 S.},
  Subtitle                 = {"Herr der Ringe" und "Harry Potter" als zentrale Grunderz{\"a}hlungen des 21. Jahrhunderts ; praktisch-theologische und religionsdidaktische Analysen}
}

